<?xml version="1.0" encoding="UTF-8"?><record xmlns="http://www.loc.gov/MARC21/slim" xmlns:cinclude="http://apache.org/cocoon/include/1.0" xmlns:zs="http://www.loc.gov/zing/srw/">
  <leader>00366nz  a2200121n  4500</leader>
  <controlfield tag="001">n  95110931 </controlfield>
  <controlfield tag="003">DLC</controlfield>
  <controlfield tag="005">19951109110419.3</controlfield>
  <controlfield tag="008">951109n| acannaab|          |n aaa |||  </controlfield>
  <datafield tag="010" ind1=" " ind2=" ">
    <subfield code="a">n  95110931 </subfield>
  </datafield>
  <datafield tag="040" ind1=" " ind2=" ">
    <subfield code="a">DLC</subfield>
    <subfield code="c">DLC</subfield>
  </datafield>
  <datafield tag="100" ind1="1" ind2="0">
    <subfield code="a">Foxon, Joseph,</subfield>
    <subfield code="d">1830-1895</subfield>
  </datafield>
  <datafield tag="670" ind1=" " ind2=" ">
    <subfield code="a">Adams, H.E. The Foxons of Leicestershire and Wisconsin, 1995:</subfield>
    <subfield code="b">CIP data sheet (Joseph Foxon (1830-1895))</subfield>
  </datafield>
</record>